@misc{distributionDashboard,
  note={https://developer.android.com/about/dashboards/}
}

@misc{versionCompare,
  note={http://socialcompare.com/en/comparison/android-versions-comparison}
}